<record><leader>00000cas a22000007a 4500</leader><controlfield tag="001">11694273</controlfield><controlfield tag="008">850214d187718uuutudn ne      0    0eng d</controlfield><datafield ind1=" " ind2=" " tag="010"><subfield code="a">sn 85058003 </subfield></datafield><datafield ind1=" " ind2=" " tag="040"><subfield code="a">UNP</subfield><subfield code="b">eng</subfield><subfield code="c">UNP</subfield><subfield code="d">OCLCQ</subfield></datafield><datafield ind1=" " ind2=" " tag="042"><subfield code="a">msc</subfield></datafield><datafield ind1=" " ind2="4" tag="050"><subfield code="a">AN2.U8</subfield><subfield code="b">S457</subfield></datafield><datafield ind1="0" ind2="0" tag="245"><subfield code="a">Silver Reef echo.</subfield></datafield><datafield ind1=" " ind2=" " tag="260"><subfield code="a">Silver Reef, Utah :</subfield><subfield code="b">J.E. Johnson,</subfield><subfield code="c">1877-</subfield></datafield><datafield ind1=" " ind2=" " tag="300"><subfield code="a">v. ;</subfield><subfield code="c">31 cm.</subfield></datafield><datafield ind1=" " ind2=" " tag="310"><subfield code="a">Daily (six times a week)</subfield></datafield><datafield ind1="0" ind2=" " tag="362"><subfield code="a">Vol. 1, no. 1 (Feb. 24, 1877)-</subfield></datafield><datafield ind1=" " ind2=" " tag="752"><subfield code="a">United States</subfield><subfield code="b">Utah</subfield><subfield code="c">Washington</subfield><subfield code="d">Silver Reef.</subfield></datafield></record>